<record><leader>00000cas a2200000 a 4500</leader><controlfield tag="001">47045929</controlfield><controlfield tag="008">010531d19741974cauer ne      0    0eng c</controlfield><datafield ind1=" " ind2=" " tag="010"><subfield code="a">sn2001060319</subfield></datafield><datafield ind1=" " ind2=" " tag="040"><subfield code="a">CNK</subfield><subfield code="b">eng</subfield><subfield code="c">CNK</subfield><subfield code="d">OCLCQ</subfield><subfield code="d">OCLCF</subfield><subfield code="d">OCLCO</subfield></datafield><datafield ind1="1" ind2=" " tag="029"><subfield code="a">AU@</subfield><subfield code="b">000022746091</subfield></datafield><datafield ind1=" " ind2=" " tag="042"><subfield code="a">pcc</subfield></datafield><datafield ind1=" " ind2=" " tag="043"><subfield code="a">n-us-ca</subfield></datafield><datafield ind1="0" ind2="0" tag="245"><subfield code="a">Loma Linda University observer and Loma Linda bulletin.</subfield></datafield><datafield ind1=" " ind2=" " tag="260"><subfield code="a">Loma Linda, Calif. :</subfield><subfield code="b">Loma Linda University</subfield></datafield><datafield ind1=" " ind2=" " tag="300"><subfield code="a">v.</subfield></datafield><datafield ind1=" " ind2=" " tag="310"><subfield code="a">Biweekly</subfield></datafield><datafield ind1="0" ind2=" " tag="362"><subfield code="a">Vol. 34, no. 28 (Aug. 15, 1974)-v. 34, no. 34 (Oct. 31, 1974).</subfield></datafield><datafield ind1=" " ind2=" " tag="515"><subfield code="a">Issues carry also numeric designation: v. 5, no. 17-v. 5, no. 23.</subfield></datafield><datafield ind1=" " ind2="0" tag="651"><subfield code="a">Loma Linda (Calif.)</subfield><subfield code="v">Newspapers.</subfield></datafield><datafield ind1=" " ind2="7" tag="655"><subfield code="a">Newspapers.</subfield><subfield code="2">fast</subfield><subfield code="0">(OCoLC)fst01423814</subfield></datafield><datafield ind1=" " ind2="7" tag="651"><subfield code="a">California</subfield><subfield code="z">Loma Linda.</subfield><subfield code="2">fast</subfield><subfield code="0">(OCoLC)fst01206105</subfield></datafield><datafield ind1=" " ind2=" " tag="752"><subfield code="a">United States</subfield><subfield code="b">California</subfield><subfield code="c">San Bernardino</subfield><subfield code="d">Loma Linda.</subfield></datafield><datafield ind1="0" ind2="4" tag="780"><subfield code="t">Loma Linda University observer</subfield></datafield><datafield ind1="0" ind2="4" tag="780"><subfield code="t">Loma Linda bulletin (Loma Linda, Calif. : 1974)</subfield><subfield code="w">(DLC)sn2001060318</subfield></datafield><datafield ind1="0" ind2="6" tag="785"><subfield code="t">Free press and Loma Linda bulletin</subfield><subfield code="w">(DLC)sn2001060320</subfield></datafield><datafield ind1="0" ind2="6" tag="785"><subfield code="t">Loma Linda University observer</subfield></datafield></record>